version https://git-lfs.github.com/spec/v1
oid sha256:b0b19244f480a36dc8f5dd3de3193ff9cb1ec43feec620c74a43acea29a656b2
size 824412
