version https://git-lfs.github.com/spec/v1
oid sha256:d956b3166e4be1f2c0148f9a071c76840d4c015bb07b840421021f10de4f3d19
size 644125
