version https://git-lfs.github.com/spec/v1
oid sha256:2df2989be7b1fa67c63a27344f9087de7ec2be249bcf31f92b25bc40135d69af
size 848751
