version https://git-lfs.github.com/spec/v1
oid sha256:ca722b37aa8465be4fce2656377e434ea15b90683ab26e65557f0b6bef54899e
size 848044
