version https://git-lfs.github.com/spec/v1
oid sha256:09dfd08de2b2caa3336571fbf36b0fd67e579d093c4fddffd31759cc5c2b27f5
size 866610
