version https://git-lfs.github.com/spec/v1
oid sha256:fdf828e335a76fb35a1f8686e025b8e3a85127b7099902664af8a28dac5ddede
size 831314
