version https://git-lfs.github.com/spec/v1
oid sha256:4966f2a40168cccaf4c4b6d91446a10c53366135d44096dc4e27873bd31ffb02
size 831314
