version https://git-lfs.github.com/spec/v1
oid sha256:d9bd1933a2d8335ad815152cec29decb7c247462419145964a24aba3e3c5408b
size 848024
