version https://git-lfs.github.com/spec/v1
oid sha256:4b9b7b06506c18fabeeace7e03b9f7eb44b5b3adcc42d172ae77ebd231c29d1e
size 831314
