version https://git-lfs.github.com/spec/v1
oid sha256:487edac5ed77b8099940741020cb0e56d9760b65a1502f2650dc4498a892c3e0
size 824865
