version https://git-lfs.github.com/spec/v1
oid sha256:c35815c0295772d2a04ebbdf61d6a31c5d52f65d3d8d5d86d59a648908257276
size 848004
