version https://git-lfs.github.com/spec/v1
oid sha256:fe652d5122dc56aff9079947b474e08467bb1bab70b9423c2525536e23dabd46
size 663349
