version https://git-lfs.github.com/spec/v1
oid sha256:58f113597d55b0528300f5b8b338666d928c3966c09ab1ff7971dda6e28ed31c
size 644427
