version https://git-lfs.github.com/spec/v1
oid sha256:3431f59eead2211118739f2d60b6acc4f80a42b6429a8a378ac3ca08f14abbac
size 831314
