version https://git-lfs.github.com/spec/v1
oid sha256:0deb95d6e22414b48ad322804122b8ef0066e8ea6510050bc1631adbee420b41
size 786443
