version https://git-lfs.github.com/spec/v1
oid sha256:37324d579d8a0ffc6b3ac835fa74c80948ed65a91a07ef463633feaf22ac7ce1
size 824819
