version https://git-lfs.github.com/spec/v1
oid sha256:29d2b17513a1397801906ff422ae91c9adbeb0aa0287129370b6444e69c2f651
size 663675
