version https://git-lfs.github.com/spec/v1
oid sha256:4685a926352965f3a90771f399789bdcafff7abcf10ad22c67bb91b1efbe0d96
size 914486
