version https://git-lfs.github.com/spec/v1
oid sha256:4ad56d0c60355b5c29fbd34ffe5df48ee14e5125cc648439859233086b10b764
size 817925
